@inproceedings{cassowary,
author = {Badros, G. J. and Stuckey, P. J.},
booktitle = {ACM Transactions on Computer-Human Interaction 8},
month = {Dec},
pages = {267 - 306},
title = {The Cassowary linear arithmetic constraint solving algorithm},
year = {2001}
}

@misc{jsketcher,
author = {Erastov, Val},
title = {jsketcher},
year = {2017},
url = {https://github.com/xibyte/jsketcher},
publisher = {GitHub},
journal = {GitHub repository},
}

@misc{solvespace,
author = {Westhues, Jonathan},
title = {solvespace},
year = {2016},
url = {https://github.com/solvespace/solvespace},
publisher = {GitHub},
journal = {GitHub repository},
}

@misc{solvespace2,
author = {Prokoudine, Alexandre},
title = {SolveSpace 2D/3D CAD Software Released under Terms of GPL},
day={23},
month = {Aug},
year = {2013},
url = {libregraphicsworld.org/blog/entry/solvespace-released-under-gpl},
publisher = {Libre Graphics World},
}

@misc{keeter,
author = {Keeter, Matt},
title = {Constraint Solver},
url = {https://www.mattkeeter.com/projects/constraints/},
publisher = {Matt Keeter Blog},
}

@misc{laos,
title = {How Does a Laser Cutter Work},
day={14},
month = {July},
year = {2012},
url = {redmine.laoslaser.org/projects/laos/wiki/How_does_a_laser_cutter_work},
publisher = {LAOS Laser},
}

